@article{qureshi2016leader,
  author    = {Ahmed H. Qureshi and Ali Yousuf and Sebastian Scherer},
  title     = {Leader-follower-based synchronized teleoperation for multi-robot systems},
  journal   = {IEEE Robotics and Automation Letters},
  volume    = {1},
  number    = {2},
  pages     = {607--614},
  year      = {2016}
}

@article{hunukumbure2013teleoperation,
  author    = {Malith Hunukumbure and Zhi Wang and Hussein A. Abbass},
  title     = {A teleoperation control scheme for unmanned aerial vehicle (UAV) swarms using leader-follower models},
  journal   = {Autonomous Robots},
  volume    = {35},
  number    = {4},
  pages     = {401--419},
  year      = {2013}
}

@article{guo2018leader,
  author    = {Zheng Guo and Cheng Zhang and Hesheng Huang and Zhijun Yang},
  title     = {Leader-follower cooperative teleoperation for minimally invasive surgery},
  journal   = {IEEE/ASME Transactions on Mechatronics},
  volume    = {23},
  number    = {2},
  pages     = {575--586},
  year      = {2018}
}

@article{jaloudi2019leader,
  author    = {Mohammad A. Jaloudi and Mohammed Alloghani},
  title     = {Leader-follower control of teleoperated autonomous vehicles in dynamic environments},
  journal   = {Journal of Advanced Transportation},
  volume    = {2019},
  pages     = {1--12},
  year      = {2019}
}

@article{yuan2021leader,
  author    = {Tianwei Yuan and Zhenxing Liu and Haibo Fang},
  title     = {Leader-follower teleoperation of autonomous underwater robots for cooperative marine tasks},
  journal   = {Ocean Engineering},
  volume    = {241},
  pages     = {110002},
  year      = {2021}
}

@article{hou2017leader,
  author    = {Ming Hou and Qian Zhao and Peng Li},
  title     = {Leader-follower teleoperation system for agricultural robot teams},
  journal   = {IFAC-PapersOnLine},
  volume    = {50},
  number    = {1},
  pages     = {11623--11628},
  year      = {2017}
}

@article{nakamura2017leader,
  author    = {Toshihiro Nakamura and Yoshi Yamamoto and Yuji Kimura},
  title     = {Leader-follower robot teleoperation in industrial manufacturing environments},
  journal   = {Journal of Manufacturing Systems},
  volume    = {45},
  pages     = {110--121},
  year      = {2017}
}

@inproceedings{bikas2019enhancing,
  title={Towards enhancing robustness of prescribed performance controllers in the presence of control input delays},
  author={Bikas, L.N. and Rovithakis, G.A.},
  booktitle={2019 IEEE 58th Conference on Decision and Control (CDC)},
  pages={6152--6157},
  year={2019},
  organization={IEEE}
}

@article{bikas2021prescribed,
  title={Prescribed performance tracking of uncertain MIMO nonlinear systems in the presence of delays},
  author={Bikas, L.N. and Rovithakis, G.A.},
  journal={IEEE Transactions on Automatic Control},
  year={2021},
}


@article{BIKAS20239972,
title = {Model-free control of bilateral robotic teleoperation with delays and prescribed performance guarantees},
journal = {IFAC-PapersOnLine},
volume = {56},
number = {2},
year = {2023},
note = {22nd IFAC World Congress},
author = {Lampros N. Bikas and Antonis Sidiropoulos and George A. Rovithakis and Zoe Doulgeri},
}

@article{author2009adaptive,
  title={Adaptive control with guaranteed transient and steady state tracking error bounds for strict feedback systems},
  author={Bechlioulis, C. P. and Rovithakis, G. A.},
  journal={Automatica},
  volume={45},
  number={2},
  pages={532--538},
  year={2009},
}

@article{author2011robust,
  title={Robust partial-state feedback prescribed performance control of cascade systems with unknown nonlinearities},
  author={Bechlioulis, C. P. and Rovithakis, G. A.},
  journal={IEEE Transactions on Automatic Control},
  volume={56},
  number={9},
  pages={2224--2230},
  year={2011},
  publisher={IEEE}
}

@article{kostarigka2011adaptive,
  title={Adaptive dynamic output feedback neural network control of uncertain MIMO nonlinear systems with prescribed performance},
  author={Kostarigka, A. K. and Rovithakis, G. A.},
  journal={IEEE Transactions on Neural Networks and Learning Systems},
  volume={23},
  number={1},
  pages={138--149},
  year={2011},
  publisher={IEEE}
}

@article{bechlioulis2014low,
  title={A low-complexity global approximation-free control scheme with prescribed performance for unknown pure feedback systems},
  author={Bechlioulis, C. P. and Rovithakis, G. A.},
  journal={Automatica},
  volume={50},
  number={4},
  pages={1217--1226},
  year={2014},
}

@article{theodorakopoulos2015guaranteeing,
  title={Guaranteeing preselected tracking quality for uncertain strict-feedback systems with deadzone input nonlinearity and disturbances via low-complexity control},
  author={Theodorakopoulos, A. and Rovithakis, G. A.},
  journal={Automatica},
  volume={54},
  pages={135--145},
  year={2015},
  publisher={Elsevier}
}

@article{bechlioulis2016decentralized,
  title={Decentralized robust synchronization of unknown high order nonlinear multi-agent systems with prescribed transient and steady state performance},
  author={Bechlioulis, C. P. and Rovithakis, G. A.},
  journal={IEEE Transactions on Automatic Control},
  volume={62},
  number={1},
  pages={123--134},
  year={2016},
  publisher={IEEE}
}

@article{kanakis2019guaranteeing,
  title={Guaranteeing global asymptotic stability and prescribed transient and steady-state attributes via uniting control},
  author={Kanakis, G. S. and Rovithakis, G. A.},
  journal={IEEE Transactions on Automatic Control},
  volume={65},
  number={5},
  pages={1956--1968},
  year={2019},
  publisher={IEEE}
}

@article{katsoukis2021low,
  title={A low complexity robust output synchronization protocol with prescribed performance for high-order heterogeneous uncertain MIMO nonlinear multiagent systems},
  author={Katsoukis, I. and Rovithakis, G. A.},
  journal={IEEE Transactions on Automatic Control},
  volume={67},
  number={6},
  pages={3128--3133},
  year={2021},
  publisher={IEEE}
}


@book{khalil2002nonlinear,
  title={Nonlinear Systems},
  author={Khalil, H.K.},
  isbn={9780130673893},
  lccn={95045804},
  series={Pearson Education},
  year={2002},
  publisher={Prentice Hall}
}

@article{bechlioulis2008robust,
  author    = {Bechlioulis, C.~P. and Rovithakis, G.~A.},
  title     = {Robust adaptive control of feedback linearizable MIMO nonlinear systems with prescribed performance},
  journal   = {IEEE Transactions on Automatic Control},
  volume    = {53},
  number    = {9},
  pages     = {2090--2099},
  year      = {2008}
}

@article{abdessameud2017leader,
  author    = {Abdessameud, A. and Tayebi, A. and Polushin, I.G.},
  title     = {Leader-follower synchronization of Euler-Lagrange systems with time-varying leader trajectory and constrained discrete-time communication},
  journal   = {IEEE Transactions on Automatic Control},
  volume    = {62},
  number    = {5},
  pages     = {2539--2545},
  year      = {2017}
}

@article{chopra2008synchronization,
  author    = {Chopra, N. and Spong, M.W. and Lozano, R.},
  title     = {Synchronization of bilateral teleoperators with time delay},
  journal   = {Automatica},
  volume    = {44},
  number    = {8},
  pages     = {2142--2148},
  year      = {2008}
}

@article{estrada2021stable,
  author    = {Estrada, E. and Yu, W. and Li, X.},
  title     = {Stable bilateral teleoperation with phase transition and haptic feedback},
  journal   = {Journal of the Franklin Institute},
  volume    = {358},
  number    = {3},
  pages     = {1940--1956},
  year      = {2021}
}

@article{forouzantabar2012bilateral,
  author    = {Forouzantabar, A. and Talebi, H. and Sedigh, A.},
  title     = {Bilateral control of master-slave manipulators with constant time delay},
  journal   = {ISA Transactions},
  volume    = {51},
  number    = {1},
  pages     = {74--80},
  year      = {2012}
}

@article{li2016bilateral,
  author    = {Li, H. and Kawashima, K.},
  title     = {Bilateral teleoperation with delayed force feedback using time domain passivity controller},
  journal   = {Robotics and Computer-Integrated Manufacturing},
  volume    = {37},
  pages     = {188--196},
  year      = {2016}
}

@article{liu2013control,
  author    = {Liu, Y.C. and Chopra, N.},
  title     = {Control of semi-autonomous teleoperation system with time delays},
  journal   = {Automatica},
  volume    = {49},
  number    = {6},
  pages     = {1553--1565},
  year      = {2013}
}

@inproceedings{mohammadi2012control,
  author    = {Mohammadi, A. and Tavakoli, M. and Marquez, H.J.},
  title     = {Control of nonlinear teleoperation systems subject to disturbances and variable time delays},
  booktitle = {2012 IEEE/RSJ International Conference on Intelligent Robots and Systems},
  pages     = {3017--3022},
  year      = {2012}
}

@article{nuno2018control,
  author    = {Nu\~{n}o, E. and Arteaga-P\'{e}rez, M. and Espinosa-P\'{e}rez, G.},
  title     = {Control of bilateral teleoperators with time delays using only position measurements},
  journal   = {International Journal of Robust and Nonlinear Control},
  volume    = {28},
  number    = {3},
  pages     = {808--824},
  year      = {2018}
}

@article{ohkawa2011passivity,
  author    = {Ohkawa, N. and Yamashita, Y.},
  title     = {Passivity based control of bilateral teleoperators with time delay using low-pass filters},
  journal   = {IFAC Proceedings Volumes},
  volume    = {44},
  number    = {1},
  pages     = {3274--3279},
  year      = {2011}
}

@inproceedings{su2020bilateral,
  author    = {Su, H. and Schmirander, Y. and Li, Z. and Zhou, X. and Ferrigno, G. and De Momi, E.},
  title     = {Bilateral teleoperation control of a redundant manipulator with an RCM kinematic constraint},
  booktitle = {2020 IEEE International Conference on Robotics and Automation (ICRA)},
  pages     = {4477--4482},
  year      = {2020}
}

@article{wang2021bilateral,
  author    = {Wang, H.},
  title     = {Bilateral control of teleoperator systems with time-varying delay},
  journal   = {Automatica},
  volume    = {134},
  pages     = {109707},
  year      = {2021}
}

@article{yan2014consensus,
  author    = {Yan, J. and Luo, X. and Yang, X. and Hua, C. and Guan, X.},
  title     = {Consensus of multi-slave bilateral teleoperation system with time-varying delays},
  journal   = {Journal of Intelligent \& Robotic Systems},
  volume    = {76},
  number    = {2},
  pages     = {239--253},
  year      = {2014}
}

@article{zhang2022adaptive,
  author    = {Zhang, S. and Yuan, S. and Yu, X. and Kong, L. and Li, Q. and Li, G.},
  title     = {Adaptive neural network fixed-time control design for bilateral teleoperation with time delay},
  journal   = {IEEE Transactions on Cybernetics},
  volume    = {52},
  number    = {9},
  pages     = {9756--9769},
  year      = {2022}
}

@article{bresch2018robust,
  title={Robust compensation of a chattering time-varying input delay with jumps},
  author={Bresch-Pietri, D. and Mazenc, F. and Petit, N.},
  journal={Automatica},
  volume={92},
  pages={225--234},
  year={2018},
}


